<?xml version="1.0" encoding="UTF-8"?><collection><record><leader>08781ntm a2201117 a 4500</leader><controlfield tag="001">005989017</controlfield><controlfield tag="003">MiAaHDL</controlfield><controlfield tag="005">20190719000000.0</controlfield><controlfield tag="006">m        d        </controlfield><controlfield tag="007">cr bn ---auaua</controlfield><controlfield tag="008">090407s17uu    xx            00| ||ara d</controlfield><datafield tag="035" ind1=" " ind2=" "><subfield code="a">(MiU)005989017</subfield></datafield><datafield tag="035" ind1=" " ind2=" "><subfield code="a">sdr-miu005989017</subfield></datafield><datafield tag="040" ind1=" " ind2=" "><subfield code="a">MiU</subfield><subfield code="c">MiU</subfield><subfield code="e">amremm</subfield></datafield><datafield tag="043" ind1=" " ind2=" "><subfield code="a">n-us-mi</subfield></datafield><datafield tag="245" ind1="0" ind2="0"><subfield code="6">880-01</subfield><subfield code="a">[Majmūʻat rasāʼil,</subfield><subfield code="f">18th century].</subfield></datafield><datafield tag="246" ind1="3" ind2="8"><subfield code="a">انوار التنزيل وتفسير كتاب الجهاد وتفسير الصحاح وموعظ وغير</subfield></datafield><datafield tag="246" ind1="3" ind2=" "><subfield code="i">Edge title (head):</subfield><subfield code="a">انوار التنزيل</subfield></datafield><datafield tag="260" ind1=" " ind2=" "><subfield code="c">[17--]</subfield></datafield><datafield tag="300" ind1=" " ind2=" "><subfield code="a">200 leaves :</subfield><subfield code="b">paper ;</subfield><subfield code="c">221 x 166 mm.</subfield></datafield><datafield tag="500" ind1=" " ind2=" "><subfield code="a">Shelfmark: Ann Arbor, University of Michigan, Special Collections Library, Isl. Ms. 43</subfield></datafield><datafield tag="500" ind1=" " ind2=" "><subfield code="a">Origin: As appears in colophon on p.129, transcription of Tafsīr Abī al-Layth al-Samarqandī completed 15 Ṣafar 1132 [ca. 28 December 1719] ; paper in bulk of codex suggests 18th century.</subfield></datafield><datafield tag="500" ind1=" " ind2=" "><subfield code="a">Accompanying materials: Slips (some tipped in) carrying glosses between pp.50-51, between pp.320-321 and between pp.338-339.</subfield></datafield><datafield tag="500" ind1=" " ind2=" "><subfield code="a">Former shelfmark: British Museum, London "No. 63. Religious tracts."</subfield></datafield><datafield tag="500" ind1=" " ind2=" "><subfield code="a">Binding: Pasteboards covered in stamped textured paper (in shades of green and gold) with red leather over spine, foreedge flap and edges/turn-ins ; Type II binding (with flap) ; board linings in laid paper ; sewn in (now soiled) cream thread, two stations ; worked endbands in yellow, intact ; overall in fair condition with some minor lifting and losses of paper and leather, staining, abrasion, moisture damage etc.</subfield></datafield><datafield tag="500" ind1=" " ind2=" "><subfield code="a">Support: European laid paper of a few types ; mainly with 11 laid lines per cm. (vertical), chain lines spaced 20 mm. apart (horizontal), and watermark with crown above bar (carrying initials), likely over grapes ; another type with 7 laid lines per cm. (vertical), chain lines spaced 28 mm. apart (horizontal), and three crescents (tre lune) watermark ; some staining ; leaves of a few of the latter quires are larger than those of the remainder of the textblock and have been folded to accommodate.</subfield></datafield><datafield tag="500" ind1=" " ind2=" "><subfield code="a">Decoration: Keywords, section headings, abbrevation symbols and occasional notabilia rubricated ; textual dividers in the form of red discs ; occasional overlining in red and green.</subfield></datafield><datafield tag="500" ind1=" " ind2=" "><subfield code="a">Script: Naskh ; several Turkish hands ; sporadically seriffed.</subfield></datafield><datafield tag="500" ind1=" " ind2=" "><subfield code="a">Layout: Written in mainly 15, 19, 21 and 23 lines per page.</subfield></datafield><datafield tag="500" ind1=" " ind2=" "><subfield code="a">Collation: III (6), 5 V(56), IV+1 (65), 8 V(145), I (147), III+1 (154), V (164), III (170), 3 V(200) ; middle of the quire marks in the form of circle or numeral khamsah ; catchwords present ; foliation in black ink, Hindu-Arabic numerals appears in al-Majālis al-sanīyah ; pagination in pencil, Western numerals, supplied during cataloguing.</subfield></datafield><datafield tag="500" ind1=" " ind2=" "><subfield code="a">Title supplied by cataloguer.</subfield></datafield><datafield tag="500" ind1=" " ind2=" "><subfield code="a">Ms. composite codex.</subfield></datafield><datafield tag="505" ind1="0" ind2=" "><subfield code="a">30. p.392-p.400 : [blank].</subfield></datafield><datafield tag="505" ind1="0" ind2=" "><subfield code="a">29. p.362-p.391 : [al-Bāb al-khāmis fī al-tasbīḥ wa-al-taḥmīd wa-al-duʻāʼ, etc. likely from Maṣābīḥ al-sunnah].</subfield></datafield><datafield tag="505" ind1="0" ind2=" "><subfield code="a">28. p.360-p.361 : [blank].</subfield></datafield><datafield tag="505" ind1="0" ind2=" "><subfield code="a">27. p.359 : [assorted excerpts].</subfield></datafield><datafield tag="505" ind1="0" ind2=" "><subfield code="a">26. p.357-p.358 : [blank].</subfield></datafield><datafield tag="505" ind1="0" ind2=" "><subfield code="a">25. p.342-p.356 : [excerpt].</subfield></datafield><datafield tag="505" ind1="0" ind2=" "><subfield code="a">24. p.341 : [blank].</subfield></datafield><datafield tag="505" ind1="0" ind2=" "><subfield code="a">23. p.328-p.340 : [assorted excerpts].</subfield></datafield><datafield tag="505" ind1="0" ind2=" "><subfield code="a">22. p.327 : [blank].</subfield></datafield><datafield tag="505" ind1="0" ind2=" "><subfield code="a">21. p.312-p.326 : [assorted excerpts].</subfield></datafield><datafield tag="505" ind1="0" ind2=" "><subfield code="a">20. p.311 : [blank].</subfield></datafield><datafield tag="505" ind1="0" ind2=" "><subfield code="a">19. p.310 : [excerpt].</subfield></datafield><datafield tag="505" ind1="0" ind2=" "><subfield code="a">18. p.308-p.309 : [blank].</subfield></datafield><datafield tag="505" ind1="0" ind2=" "><subfield code="a">17. p.272-p.307 : [Kitāb al-jihād min al-Ṣiḥāḥ, etc. from Maṣābīḥ al-sunnah].</subfield></datafield><datafield tag="505" ind1="0" ind2=" "><subfield code="a">16. p.271 : [ḥadīth excerpt].</subfield></datafield><datafield tag="505" ind1="0" ind2=" "><subfield code="a">15. p.264-p.270 : [blank].</subfield></datafield><datafield tag="505" ind1="0" ind2=" "><subfield code="a">14. p.131-p.263 : [Kitāb al-Majālis al-sanīyah fī al-kalām ʻalá al-Arbaʻīn al-Nawawīyah, ends abruptly] / Aḥmad ibn Ḥijāzī al-Fashnī.</subfield></datafield><datafield tag="505" ind1="0" ind2=" "><subfield code="a">13. p.130 : [blank].</subfield></datafield><datafield tag="505" ind1="0" ind2=" "><subfield code="a">12. p.74-p.129 : [Tafsīr Abī al-Layth al-Samarqandī, an excerpt from the final part] / Abū al-Layth Naṣr ibn Muḥammad al-Samarqandī.</subfield></datafield><datafield tag="505" ind1="0" ind2=" "><subfield code="a">11. p.72-p.73 : [assorted excerpts].</subfield></datafield><datafield tag="505" ind1="0" ind2=" "><subfield code="a">10. p.57-p.71 : [Sharḥ āyāt al-Qurʼān].</subfield></datafield><datafield tag="505" ind1="0" ind2=" "><subfield code="a">9. p.53-p.56 : [partly blank with some excerpts].</subfield></datafield><datafield tag="505" ind1="0" ind2=" "><subfield code="a">8. p.16-p.52 : [Anwār al-tanzīl wa-asrār al-taʼwīl, an excerpt] / al-Bayḍāwī.</subfield></datafield><datafield tag="505" ind1="0" ind2=" "><subfield code="a">7. p.14-p.15 : [mainly blank with waqf statement].</subfield></datafield><datafield tag="505" ind1="0" ind2=" "><subfield code="a">6. p.12-p.13 : [assorted excerpts].</subfield></datafield><datafield tag="505" ind1="0" ind2=" "><subfield code="a">5. p.11 : [blank].</subfield></datafield><datafield tag="505" ind1="0" ind2=" "><subfield code="a">4. p.8-p.10 : [commentary on Sūrat al-Qadr].</subfield></datafield><datafield tag="505" ind1="0" ind2=" "><subfield code="a">3. p.7 : [blank].</subfield></datafield><datafield tag="505" ind1="0" ind2=" "><subfield code="a">2. p.5-p.6 : [assorted excerpts].</subfield></datafield><datafield tag="505" ind1="0" ind2=" "><subfield code="a">1. p.1-p.4 : [blank].</subfield></datafield><datafield tag="510" ind1="4" ind2=" "><subfield code="a">Brockelmann, C. GAL,</subfield><subfield code="c">I 363</subfield></datafield><datafield tag="510" ind1="4" ind2=" "><subfield code="a">Brockelmann, C. GAL,</subfield><subfield code="c">I 196 (6/1) ; SI</subfield></datafield><datafield tag="510" ind1="4" ind2=" "><subfield code="a">Brockelmann, C. GAL,</subfield><subfield code="c">II 305 ; S II 416</subfield></datafield><datafield tag="520" ind1="8" ind2=" "><subfield code="a">Clear copy of a large collection (majmūʻah / mecmua) of assorted excerpts from works of tafsīr and ḥadīth, including Tafsīr al-Bayḍāwī, Tafsīr Abī al-Layth al-Samarqandī, al-Fashnī's commentary on al-Nawawī's collection of ḥadīth, and what appears to be several excerpts from al-Baghawī's Maṣābīḥ al-sunnah and its commentaries.</subfield></datafield><datafield tag="538" ind1=" " ind2=" "><subfield code="a">Mode of access: Internet.</subfield></datafield><datafield tag="541" ind1=" " ind2=" "><subfield code="c">Purchase ;</subfield><subfield code="a">Acquired by purchase along with Abdul Hamid Collection (funds donated by Horace Rackham).</subfield><subfield code="d">1924.</subfield></datafield><datafield tag="546" ind1=" " ind2=" "><subfield code="a">Arabic and Ottoman Turkish.</subfield></datafield><datafield tag="561" ind1=" " ind2=" "><subfield code="a">Bookplate of British Museum, London on interior of upper cover, "British Museum, London. No. 63. Religious tracts." ; circular seal impression with figure of goat/gazelle in purple ink as well as inscription "137" in Western numerals on recto of opening leaf (p.1) ; on paper pasted on p.15, a detailed waqf statement in the name of al-Sayyid ʻAbd Allāh Adīb (Abdullah Edip), known as Jannatʹzādah (Cennet-zade), qāḍī of Erzurum, accompanied by his seal, reads: "وقفت وقفا صحيحا شرعيا بشرط ان لا يخرج من بيت الكتب الذي بنيته في اتصال داري ان احتاجوا اشد الاحتياج بكفيل مرعى اورهن قوي وانا الفقير اليه عز شانه السيد عبد الله اديب الشهير بجنت زاده القاضي بمدينة ارضروم عفى عنه في سنة اثنى وستين ومائتين والف" ; oval seal impression on upper boardlining ; ocatagonal seal impression on lower board lining ; extensive marginal and interlinear glosses ; occasional corrections.</subfield></datafield><datafield tag="600" ind1="0" ind2="0"><subfield code="a">Nawawī,</subfield><subfield code="d">1233-1277.</subfield><subfield code="t">Arbaʻūn al-Nawawīyah.</subfield></datafield><datafield tag="630" ind1="0" ind2="0"><subfield code="a">Qurʼan</subfield><subfield code="v">Commentaries</subfield><subfield code="v">Early works to 1800.</subfield></datafield><datafield tag="650" ind1=" " ind2="0"><subfield code="a">Manuscripts, Arabic</subfield><subfield code="z">Michigan</subfield><subfield code="z">Ann Arbor.</subfield></datafield><datafield tag="650" ind1=" " ind2="0"><subfield code="a">Hadith</subfield><subfield code="v">Texts.</subfield></datafield><datafield tag="650" ind1=" " ind2="0"><subfield code="a">Jihad</subfield><subfield code="v">Early works to 1800.</subfield></datafield><datafield tag="650" ind1=" " ind2="0"><subfield code="a">Hadith</subfield><subfield code="x">Criticism, interpretation, etc.</subfield><subfield code="v">Early works to 1800.</subfield></datafield><datafield tag="700" ind1="1" ind2="2"><subfield code="6">880-06</subfield><subfield code="a">Baghawī, al-Ḥusayn ibn Masʻūd,</subfield><subfield code="d">-1117?</subfield><subfield code="t">Maṣābīḥ al-sunnah.</subfield><subfield code="k">Selections.</subfield></datafield><datafield tag="700" ind1="1" ind2="2"><subfield code="6">880-05</subfield><subfield code="a">Fashnī, Aḥmad ibn Ḥijāzī.</subfield><subfield code="t">Majālis al-sanīyah fī al-kalām ʻalá al-Arbaʻīn al-Nawawīyah.</subfield></datafield><datafield tag="700" ind1="1" ind2="2"><subfield code="6">880-04</subfield><subfield code="a">Abū al-Layth al-Samarqandī, Naṣr ibn Muḥammad,</subfield><subfield code="d">-983?</subfield><subfield code="t">Tafsīr Abī al-Layth al-Samarqandī.</subfield><subfield code="k">Selections.</subfield></datafield><datafield tag="700" ind1="1" ind2="2"><subfield code="6">880-02</subfield><subfield code="a">Bayḍāwī, ʻAbd Allāh ibn ʻUmar,</subfield><subfield code="d">-1286?</subfield><subfield code="t">Anwār al-tanzīl wa-asrār al-taʼwīl.</subfield><subfield code="k">Selections.</subfield></datafield><datafield tag="740" ind1="3" ind2="2"><subfield code="6">880-08</subfield><subfield code="a">al-Bāb al-khāmis fī al-tasbīḥ wa-al-taḥmīd wa-al-duʻāʼ</subfield></datafield><datafield tag="740" ind1="0" ind2="2"><subfield code="6">880-07</subfield><subfield code="a">Kitāb al-jihād min al-Ṣiḥāḥ</subfield></datafield><datafield tag="740" ind1="0" ind2="2"><subfield code="6">880-09</subfield><subfield code="a">Şerh-i ayâtüʻl-Kuran</subfield></datafield><datafield tag="740" ind1="0" ind2="2"><subfield code="6">880-09</subfield><subfield code="a">Şerh-i ayâtiʻl-Kuran</subfield></datafield><datafield tag="740" ind1="0" ind2="2"><subfield code="6">880-03</subfield><subfield code="a">Şerh-i ayâtüʻl-Kuran</subfield></datafield><datafield tag="740" ind1="0" ind2="2"><subfield code="6">880-03</subfield><subfield code="a">Sharḥ āyāt al-Qurʼān</subfield></datafield><datafield tag="773" ind1="0" ind2=" "><subfield code="a">Tiflis Collection.</subfield></datafield><datafield tag="880" ind1="2" ind2="2"><subfield code="6">740-08/</subfield><subfield code="a">الباب الخامس في التسبيح والتحميد والدعاء</subfield></datafield><datafield tag="880" ind1="0" ind2="2"><subfield code="6">740-07/</subfield><subfield code="a">كتاب الجهاد من الصحاح</subfield></datafield><datafield tag="880" ind1="1" ind2="2"><subfield code="6">700-06/</subfield><subfield code="a">بغوي، الحسين بن مسعود.</subfield><subfield code="t">مصابيح السنة.</subfield><subfield code="k">مختارات.</subfield></datafield><datafield tag="880" ind1="1" ind2="2"><subfield code="6">700-05/</subfield><subfield code="a">فشني، احمد بن حجازي.</subfield><subfield code="t">مجالس السنية في الكلام على الاربعين النووية.</subfield></datafield><datafield tag="880" ind1="1" ind2="2"><subfield code="6">700-04/</subfield><subfield code="a">ابو الليث السمرقندي، نصر بن محمد.</subfield><subfield code="t">تفسير ابي الليث السمرقندي.</subfield><subfield code="k">مختارات.</subfield></datafield><datafield tag="880" ind1="0" ind2="2"><subfield code="6">740-09/</subfield><subfield code="a">شرح آيات القرآن</subfield></datafield><datafield tag="880" ind1="0" ind2="2"><subfield code="6">740-03/</subfield><subfield code="a">شرح آيات القرآن</subfield></datafield><datafield tag="880" ind1="1" ind2="2"><subfield code="6">700-02/</subfield><subfield code="a">بيضاوي، عبد الله بن عمر.</subfield><subfield code="k">انوار التنزيل واسرار التأويل.</subfield><subfield code="t">مختارات.</subfield></datafield><datafield tag="880" ind1="0" ind2="0"><subfield code="6">245-01/</subfield><subfield code="a">[مجموعة رسائل,</subfield><subfield code="f">القرن 18م].</subfield></datafield><datafield tag="CID" ind1=" " ind2=" "><subfield code="a">005989017</subfield></datafield><datafield tag="DAT" ind1="0" ind2=" "><subfield code="a">20190719102634.0</subfield><subfield code="b">20190719000000.0</subfield></datafield><datafield tag="DAT" ind1="1" ind2=" "><subfield code="a">20190719090653.0</subfield><subfield code="b">2019-07-19T16:11:12Z</subfield></datafield><datafield tag="DAT" ind1="2" ind2=" "><subfield code="a">2015-10-10T18:00:06Z</subfield></datafield><datafield tag="CAT" ind1=" " ind2=" "><subfield code="a">SDR-MIU</subfield><subfield code="d">EX LIBRIS - ALEPH</subfield><subfield code="l">prepare.pl-004-008</subfield></datafield><datafield tag="FMT" ind1=" " ind2=" "><subfield code="a">BK</subfield></datafield><datafield tag="HOL" ind1=" " ind2=" "><subfield code="0">sdr-miu005989017</subfield><subfield code="a">MiU</subfield><subfield code="b">SDR</subfield><subfield code="c">MIU</subfield><subfield code="p">mdp.39015079105378</subfield><subfield code="s">MIU</subfield><subfield code="1">005989017</subfield></datafield><datafield tag="974" ind1=" " ind2=" "><subfield code="b">MIU</subfield><subfield code="c">MIU</subfield><subfield code="d">20190719</subfield><subfield code="s">lit-dlps-dc</subfield><subfield code="u">mdp.39015079105378</subfield><subfield code="y">1799</subfield><subfield code="r">pd</subfield><subfield code="q">bib</subfield><subfield code="t">non-US bib date1 &lt; 1879</subfield></datafield></record></collection>